% This file was created with Citavi 6.10.0.0

@misc{.8152021,
 year = {8/15/2021},
 title = {Seebeck Effect - an overview | ScienceDirect Topics},
 url = {https://www.sciencedirect.com/topics/engineering/seebeck-effect},
}


@misc{MouserElectronics.2021,
 abstract = {44008RC Measurement Specialties NTC (Negative Temperature Coefficient) Thermistors datasheet, inventory {\&} pricing.},
 author = {{Mouser Electronics}},
 year = {2021},
 title = {44008RC Measurement Specialties | Mouser},
 url = {https://www.mouser.de/ProductDetail/Measurement-Specialties/44008RC?qs=%252BgKeJhng5iXaFNZok6m6kQ%3D%3D},
}


@misc{MouserElectronics.2021b,
 abstract = {ADS1119IPWR Texas Instruments Analog to Digital Converters - ADC 16-bit, 1kSPS, 4-ch general-purpose delta-sigma ADC with I2C interface and external Vref inputs 16-TSSOP -40 to 125 datasheet, inventory {\&} pricing.},
 author = {{Mouser Electronics}},
 year = {2021},
 title = {ADS1119IPWR Texas Instruments | Mouser},
 url = {https://www.mouser.de/ProductDetail/Texas-Instruments/ADS1119IPWR?qs=lc2O%252BfHJPVbF%2Fj%2FaQInPPg%3D%3D}
}


@misc{NIST.2008,
 author = {NIST},
 year = {2008},
 title = {ITS-90 Thermocouple Database, Download Files},
 url = {https://srdata.nist.gov/its90/download/download.html}
}


@article{NovaFitnessCo.2015,
 author = {{Nova Fitness Co}},
 year = {2015},
 title = {Laser PM2.5 Sensor specification},
 url = {https://www-sd-nf.oss-cn-beijing.aliyuncs.com/%E5%AE%98%E7%BD%91%E4%B8%8B%E8%BD%BD/SDS011%20laser%20PM2.5%20sensor%20specification-V1.4.pdf},
 file = {Laser PM2:Attachments/Laser PM2.pdf:application/pdf}
}


@article{OSRAM.2014,
 author = {OSRAM},
 year = {2014},
 title = {BPX-61 Datenblatt},
 url = {https://asset.conrad.com/media10/add/160267/c1/-/gl/000153122DS01/datenblatt-153122-osram-fotodiode-to-39-1100-nm-55-bpx-61.pdf},
 file = {no{\_}name{\_}jobid11488{\_}index0:Attachments/no{\_}name{\_}jobid11488{\_}index0.pdf:application/pdf}
}


@book{Parthier.2006,
 author = {Parthier, Rainer},
 year = {2006},
 title = {Messtechnik: Grundlagen und Anwendungen der elektrischen Messtechnik f{\"u}r alle technischen Fachrichtungen und Wirtschaftsingenieure},
 url = {https://link.springer.com/content/pdf/10.1007%2F978-3-8348-9083-2.pdf},
 address = {Wiesbaden},
 edition = {3., {\"u}berarbeitete und erg{\"a}nzte Auflage},
 publisher = {Vieweg+Teubner},
 isbn = {9783834890832},
 series = {Studium Technik},
 doi = {10.1007/978-3-8348-9083-2},
 file = {978-3-8348-9083-2:Attachments/978-3-8348-9083-2.pdf:application/pdf}
}


@book{Parthier.2019,
 author = {Parthier, Rainer},
 year = {2019},
 title = {Messtechnik: Vom SI-Einheitensystem {\"u}ber Bewertung von Messergebnissen zu Anwendungen der elektrischen Messtechnik /   Rainer Parthier},
 url = {https://link.springer.com/content/pdf/10.1007%2F978-3-658-27131-2.pdf},
 address = {Wiesbaden},
 edition = {Ninth edition},
 publisher = {{Springer Vieweg}},
 isbn = {9783658271305},
 series = {Lehrbuch},
 institution = {{Springer Fachmedien Wiesbaden GmbH}},
 doi = {10.1007/978-3-658-27131-2},
 file = {978-3-658-27131-2 (2):Attachments/978-3-658-27131-2 (2).pdf:application/pdf}
}


@misc{PIEZO.COM.2021,
 abstract = {A single layer product recommended for energy harvesting and sensing applications. It also exhibits good performance as a resonant actuator. It is not recommended for applications requiring high force output. This product does not have mounting and alignment holes like the other products.},
 author = {PIEZO.COM},
 year = {2021},
 title = {Piezoelectric Bending Transducer (S118-J1SS-1808YB)},
 url = {https://piezo.com/collections/piezoelectric-sensors/products/piezoelectric-bending-transducer-s118-j1ss-1808yb}
}


@article{Pustelnik.2019,
 author = {Pustelnik, Katja},
 year = {2019},
 title = {Heraeus{\_}M213},
 url = {https://atcsemitec.co.uk/wp-content/uploads/2019/10/Heraeus-M213-Data-Sheet.pdf},
 file = {Heraeus{\_}M213:Attachments/Heraeus{\_}M213.pdf:application/pdf}
}


@article{Pustelnik.2019b,
 author = {Pustelnik, Katja},
 year = {2019},
 title = {Heraeus{\_}M213},
 url = {https://www.mouser.de/datasheet/2/619/m_213_e-1919955.pdf},
 file = {Heraeus{\_}M213 (2):Attachments/Heraeus{\_}M213 (2).pdf:application/pdf}
}


@misc{Siemens.2021,
 abstract = {KPY43A, KPY43A Datasheet, KPY43A PDF, Silicon Piezoresistive Absolute Pressure Sensor},
 author = {Siemens},
 year = {2021},
 title = {KPY43A, KPY43A Datasheet, KPY43A PDF - Siemens},
 url = {https://datasheet-pdf.com/PDF/KPY43A-Datasheet-Siemens-502030}
}


@misc{Steffen.2012,
 abstract = {Ein PT100 Sensor ist ein Temperaturf{\"u}hler, mit dem man sehr einfach Temperaturen messen und verarbeiten kann},
 author = {Steffen},
 year = {2012},
 title = {Wie funktioniert eigentlich ein PT100-Sensor?},
 url = {https://www.spstiger.de/blog/wie-funktioniert-eigentlich-ein-pt100-sensor}
}


@article{TEConnectivity.2016,
 author = {{TE Connectivity}},
 year = {2016},
 title = {Model 44008: Precision Epoxy NTC Thermistor},
 url = {https://www.te.com/commerce/DocumentDelivery/DDEController?Action=showdoc&DocId=Data+Sheet%7FTESS-ANDO-DS0013%7FA%7Fpdf%7FEnglish%7FENG_DS_TESS-ANDO-DS0013_A.pdf%7F11032576-00},
 file = {Model 729:Attachments/Model 729.pdf:application/pdf}
}


@misc{TEConnectivity.2021,
 abstract = {Rufen Sie 701108-M Diskrete NTC Thermistoren Spezifikationen, Preise, Inventarverf{\"u}gbarkeit und mehr von TE Connectivity ab. Rufen Sie ein Muster ab oder fordern Sie ein Angebot an.},
 author = {{TE Connectivity}},
 year = {2021},
 title = {701108-M : MEAS Diskrete NTC Thermistoren | TE Connectivity},
 url = {https://www.te.com/deu-de/product-11032576-00.html}
}


@misc{TEConnectivity.2021b,
 abstract = {Finden Sie die Antworten auf Ihre Fragen zu NTC-Temperatursensoren, wie sie verwendet werden und die Details bei ihrer Anwendung.},
 author = {{TE Connectivity}},
 year = {2021},
 title = {H{\"a}ufig gestellte Fragen (FAQ) zu NTC-Thermistoren},
 url = {https://www.te.com/deu-de/faqs/ntc-thermistor.html}
}


@misc{TEConnectivity.2021c,
 abstract = {Die Welt baut auf Verbindungen. Erfahren Sie, wie wir Innovationen branchen- und sparten{\"u}bergreifend nutzen, um an bislang undenkbaren Orten Verbindungen herzustellen.},
 author = {{TE Connectivity}},
 year = {2021},
 title = {Webinar: NTC-Thermistoren | TE Connectivity},
 url = {https://www.te.com/deu-de/videos/transportation/ntc-thermistor-webinar.html}
}


@article{TexasInstruments.2018,
 abstract = {Application Reports},
 author = {{Texas Instruments} and {Incorporated [SBAA274} and *]},
 year = {2018},
 title = {A Basic Guide to Thermocouple Measurements},
 url = {https://www.ti.com/lit/an/sbaa274/sbaa274.pdf?ts=1623476175476&ref_url=https%253A%252F%252Fwww.ti.com%252Fproduct%252FADS1118%253Futm_source%253Dgoogle%2526utm_medium%253Dcpc%2526utm_campaign%253Dasc-null-null-GPN_EN-cpc-pf-google-eu%2526utm_content%253DADS1118%2526ds_k%253DADS1118%2BDatasheet%2526DCM%253Dyes%2526gclsrc%253Daw.ds%2526gclid%253DEAIaIQobChMIrtnyxq-R8QIVGuqyCh1asABzEAAYASAAEgKeEPD_BwE},
 file = {A Basic Guide to Thermocouple Measurements:Attachments/A Basic Guide to Thermocouple Measurements.pdf:application/pdf}
}


@article{TexasInstruments.2019,
 abstract = {Application Reports},
 author = {{Texas Instruments} and {Incorporated [SBAA355} and *]},
 year = {2019},
 title = {K-type thermocouple measurement circuit with precision ADC},
 url = {https://www.ti.com/lit/an/sbaa355/sbaa355.pdf?ts=1623449080968&ref_url=https%253A%252F%252Fwww.ti.com%252Fsitesearch%252Fdocs%252Funiversalsearch.tsp%253FlangPref%253Den-US%2526searchTerm%253Dthermocouple%2526nr%253D1990}
}


@article{TexasInstruments.2018b,
 abstract = {Data Sheet},
 author = {{Texas Instruments} and {Incorporated [SBAS925} and {A ]}},
 year = {2018},
 title = {ADS1119 4-Channel, 1-kSPS, 16-Bit, Delta-Sigma ADC With I2C Interface datasheet (Rev. A)},
 url = {https://www.ti.com/lit/ds/symlink/ads1119.pdf},
 file = {ADS1119 4-Channel, 1-kSPS, 16-Bit, Delta-Sigma ADC With I2C Interface datasheet (Rev:Attachments/ADS1119 4-Channel, 1-kSPS, 16-Bit, Delta-Sigma ADC With I2C Interface datasheet (Rev.pdf:application/pdf}
}


@article{TexasInstruments.2020,
 abstract = {Data Sheet},
 author = {{Texas Instruments} and {Incorporated [SBOS464} and {A ]}},
 year = {2020},
 title = {INA333-Q1 Automotive, Zer{\o}-Drift, micro-Power, Instrumentation Amplifier datasheet (Rev. A)},
 url = {https://www.ti.com/lit/ds/symlink/ina333-q1.pdf?ts=1623486062182&ref_url=https%253A%252F%252Fwww.ti.com%252Fdocument-viewer%252FINA333-Q1%252Fdatasheet%252Fsetting-the-gain-sbos4451476},
 file = {INA333-Q1 Automotive, Zer{\o}-Drift, micro-Power, Instrumentation Amplifier datasheet (Rev:Attachments/INA333-Q1 Automotive, Zer{\o}-Drift, micro-Power, Instrumentation Amplifier datasheet (Rev.pdf:application/pdf}
}


@misc{TheWorldAirQualityIndex.6202021,
 abstract = {How polluted is the air today? Check out the real-time air pollution map, for more than 100 countries.},
 author = {{The World Air Quality Index}},
 year = {6/20/2021},
 title = {The SDS011 Air Quality Sensor experiment},
 url = {https://aqicn.org/sensor/sds011/},
}


@misc{Therma.2020,
 abstract = {PVC -- P/PTW-24F-K-IEC | 10 m g{\"u}nstig online kaufen im Shop f{\"u}r Andere, Andere, Ausgleichsleitungen, Leitungen, Thermoleitungen, Typ {\textquotedbl}K{\textquotedbl}, Typ {\textquotedbl}K{\textquotedbl} ✅ Pers{\"o}nliche Beratung ✅ Schnelle Lieferung},
 author = {Therma},
 year = {2020},
 title = {PVC -- P/PTW-24F-K-IEC | 10 m | Therma Online Shop},
 url = {https://www.thermagmbh.de/shop/produkt/leitungen/ausgleichsleitungen/al-typ-k/al-k-andere/pvc-p-ptw-24f-k-iec-10-m/}
}


@article{USEPAORDImmediateOfficeoftheAssistantAdministrator.,
 abstract = {EPA researchers participate in educational outreach to schools, museums and other locations to teach children about air quality and climate change research. As part of the outreach, researchers have developed several hands-on activities for teachers, including a particulate matter (PM) sensor kit that can be built by students.},
 author = {{US EPA, ORD, Immediate Office of the Assistant Administrator}},
 title = {Building your own particle sensor},
 url = {https://www.epa.gov/sites/default/files/2014-12/documents/sensor-kit-instructions.pdf},
 file = {Building your own particle sensor:Attachments/Building your own particle sensor.pdf:application/pdf}
}


@book{W.GopelJ.HesseJ.N.Zemel.1989,
 year = {1989},
 title = {Sensors, A Comprehensive Survey},
 editor = {{W. G{\"o}pel, J. Hesse, J. N. Zemel}}
}


@article{Wu.,
 author = {Wu, Yuqian},
 title = {190429{\_}Installation of Strain Gauges for Sensor Applications{\_}YQW},
 url = {https://www.bcmsensor.com/wp-content/uploads/2015/03/190429_Installation_of_Strain_Gauges_for_Sensor_Applications.pdf},
 file = {190429{\_}Installation of Strain Gauges for Sensor Applications{\_}YQW:Attachments/190429{\_}Installation of Strain Gauges for Sensor Applications{\_}YQW.pdf:application/pdf}
}


@misc{MouserElectronics.2021c,
 abstract = {32207690 Heraeus Nexensos Industrial Temperature Sensors M213 Pt 100 Class B clad Ni-wire datasheet, inventory {\&} pricing.},
 author = {{Mouser Electronics}},
 year = {2021},
 title = {32207690 Heraeus Nexensos | Mouser}
}


@incollection{Wu.1992,
 author = {Wu, Yuqian},
 title = {SEMICONDUCTOR STRAIN GAUGES},
 url = {https://www.bcmsensor.com/wp-content/uploads/2015/09/210705_Semiconductor_Strain_Gauges.pdf},
 pages = {113--130},
 publisher = {{WORLD SCIENTIFIC}},
 isbn = {978-981-02-0760-1},
 editor = {Levinshtein, M. E. and Simin, G. S.},
 booktitle = {Getting to Know Semiconductors},
 year = {1992},
 doi = {10.1142/9789812815507{\textunderscore }0007},
 file = {210705{\_}Semiconductor{\_}Strain{\_}Gauges:Attachments/210705{\_}Semiconductor{\_}Strain{\_}Gauges.pdf:application/pdf}
}


@misc{MicroMeasurements.2162021,
 author = {Micro-Measurements},
 year = {21/6/2021},
 title = {S5145 Kaufen | Micro-Measurements},
 url = {https://micro-measurements.com/pca/detail/s5145},
}


@article{MaximIntegratedProducts.2015,
 author = {{Maxim Integrated Products}, Inc},
 year = {2015},
 title = {MAX11164},
 url = {https://datasheets.maximintegrated.com/en/ds/MAX11164.pdf},
 file = {MAX11164:Attachments/MAX11164.pdf:application/pdf}
}


@misc{Alldatasheet.8282021,
 abstract = {GL55 SeriesCdS Photoresistor Manual Datasheet},
 author = {Alldatasheet},
 year = {8/28/2021},
 title = {GL5516 Datasheet ETC2 | Photoresistor},
 url = {https://html.alldatasheet.com/html-pdf/1131892/ETC2/GL5516/461/4/GL5516.html},
}


@misc{DHT22Kaufen,
 author = {Amazon},
 year = {2021},
 title = {AZDelivery DHT22 AM2302 Temperatursensor und Luftfeuchtigkeitssensor kompatibel mit Arduino und Raspberry Pi inklusive E-Book! : Amazon.de: Computer {\&} Zubeh{\"o}r},
 url = {https://www.amazon.de/AZDelivery-AM2302-Temperatursensor-Luftfeuchtigkeitssensor-Arduino/dp/B06XF4TNT9/ref=sxin_13_ac_d_rm?ac_md=0-0-ZGh0MjI%3D-ac_d_rm_rm_rm&cv_ct_cx=dht22&dchild=1&keywords=dht22&pd_rd_i=B06XF4TNT9&pd_rd_r=b9b3280e-6962-4bf8-b408-e6a18e6ad2ee&pd_rd_w=azvqS&pd_rd_wg=v2qwS&pf_rd_p=d7022e5d-d98a-48af-b540-ab9d3c0ad7eb&pf_rd_r=H4GJ4GMM5798BECH9SVV&psc=1&qid=1629999132&sr=1-1-fe323411-17bb-433b-b2f8-c44f2e1370d4},
}


@misc{Amazon.2021b,
 author = {Amazon},
 year = {2021},
 title = {PEMENOL 6 Stk. G5516 Fotowiderstand Modul , 4 Anschl{\"u}sse Photodetektor Licht Sensor Modul LM393 Dual Comperator, Tageslicht Sensor / Fotosensor f{\"u}r Arduino, Raspberry Pi: Amazon.de: Computer {\&} Zubeh{\"o}r},
 url = {https://www.amazon.de/gp/product/B07DP1YM5X/ref=as_li_tl?ie=UTF8&camp=1638&creative=6742&creativeASIN=B07DP1YM5X&linkCode=as2&tag=edistechlab0a-21&linkId=c4d406a369d664234b5742eb981cb04f}
}


@misc{Amazon.2021c,
 author = {Amazon},
 year = {2021},
 title = {TeOhk 70 st{\"u}cke Fotowiderstand Photo Resistor Dioden 150V 5mm GL5516 GL5528 GL5537 GL5539 GL5549 MG45: Amazon.de: Gewerbe, Industrie {\&} Wissenschaft},
 url = {https://www.amazon.de/TeOhk-st%C3%BCcke-Fotowiderstand-Resistor-Dioden/dp/B07T2YBWCG/ref=sr_1_7?__mk_de_DE=%C3%85M%C3%85%C5%BD%C3%95%C3%91&dchild=1&keywords=Fotowiderstand&qid=1629991491&s=industrial&sr=1-7},
}


@misc{LEDAma,
 author = {Amazon},
 year = {8/29/2021},
 title = {Lumetheus LED 5mm Farbe gr{\"u}n 50000 mcd 25 St{\"u}ck Leuchtdiode extra hell 3V gr{\"u}ne Diode 2 Pin LEDs : Amazon.de: Gewerbe, Industrie {\&} Wissenschaft},
 url = {https://www.amazon.de/Lumetheus-Farbe-50000-St%C3%BCck-Leuchtdiode/dp/B07RRBKVSR/ref=sr_1_12?__mk_de_DE=%C3%85M%C3%85%C5%BD%C3%95%C3%91&dchild=1&keywords=gr%C3%BCn+led&qid=1630176103&sr=8-12},
}


@article{AnalogDevicesInc..2018,
 abstract = {Precision Thermocouple Amplifiers with Cold Junction Compensation},
 author = {{Analog Devices, Inc.}},
 year = {2018},
 title = {AD8494/AD8495/AD8496/AD8497 (Rev. C)},
 url = {https://www.analog.com/media/en/technical-documentation/data-sheets/AD8494_8495_8496_8497.pdf},
 file = {AD8497 (Rev:Attachments/AD8497 (Rev.pdf:application/pdf}
}


@article{Austin.2015,
 author = {Austin, Elena and Novosselov, Igor and Seto, Edmund and Yost, Michael G.},
 year = {2015},
 title = {Correction: Laboratory Evaluation of the Shinyei PPD42NS Low-Cost Particulate Matter Sensor},
 pages = {e0141928},
 volume = {10},
 number = {10},
 journal = {PLOS ONE},
 doi = {10.1371/journal.pone.0141928},
 file = {Austin, Novosselov et al. 2015 - Correction:Attachments/Austin, Novosselov et al. 2015 - Correction.pdf:application/pdf}
}


@article{AZDelivery.2021,
 author = {{AZ Delivery}},
 year = {2021},
 title = {DHT22/AM2302 Temperature and Humidity Sensor Datasheet},
 url = {https://m.media-amazon.com/images/I/D1Z25gUvJSS.pdf},
 file = {D1Z25gUvJSS:Attachments/D1Z25gUvJSS.pdf:application/pdf}
}


@misc{Bcmsensor.8202021,
 author = {Bcmsensor},
 year = {8/20/2021},
 title = {Semiconductor Strain Gauges | BCM Sensor},
 url = {https://www.bcmsensor.com/products/semiconductor-strain-gauges/semiconductor-strain-gauges/},
}


@book{BerndLaquai.2017,
 abstract = {PDF | On Oct 9, 2017, Bernd Laquai published Kompensation des Feuchte-Effekts bei Low-Cost Feinstaubsensoren-Sensoren nach dem Streulichtverfahren | Find, read and cite all the research you need on ResearchGate},
 author = {{Bernd Laquai}},
 year = {2017},
 title = {Kompensation des Feuchte-Effekts bei Low-Cost Feinstaubsensoren-Sensoren nach dem Streulichtverfahren},
 url = {https://www.researchgate.net/publication/320289961_Kompensation_des_Feuchte-Effekts_bei_Low-Cost_Feinstaubsensoren-Sensoren_nach_dem_Streulichtverfahren},
 file = {Bernd Laquai 2017 - Kompensation des Feuchte-Effekts bei Low-Cost:Attachments/Bernd Laquai 2017 - Kompensation des Feuchte-Effekts bei Low-Cost.pdf:application/pdf}
}


@book{Buttgenbach.2016,
 author = {B{\"u}ttgenbach, Stephanus},
 year = {2016},
 title = {Mikrosystemtechnik: Vom Transistor zum Biochip},
 url = {https://link.springer.com/content/pdf/10.1007%2F978-3-662-49773-9.pdf},
 price = {Book : EUR 14.99 (DE), circa EUR 15.41 (AT), circa sfr 19.00 (freier Preis)},
 address = {Berlin and Heidelberg},
 publisher = {Springer},
 isbn = {3662497727},
 series = {Technik im Fokus},
 institution = {{Springer-Verlag GmbH}},
 file = {978-3-662-49773-9:Attachments/978-3-662-49773-9.pdf:application/pdf}
}


@misc{Carsten.,
 author = {Carsten, Frank},
 title = {Vorlesung Messtechnik S21}
}


@misc{Conrad.8312021,
 abstract = {Top OSRAM Auswahl ✓ Schnelle {\&} versandkostenfreie Lieferung ab 59,50 {\text\euro} m{\"o}glich ➥ Jetzt g{\"u}nstig online kaufen: OSRAM Fotodiode  TO-39  1100 nm 55 ° BPX 61},
 author = {Conrad},
 year = {8/31/2021},
 title = {OSRAM Fotodiode TO-39 1100 nm 55 ° BPX 61 kaufen},
 url = {https://www.conrad.de/de/p/osram-fotodiode-to-39-1100-nm-55-bpx-61-153122.html},
}


@misc{Datasheet4u.com.8282021,
 abstract = {KY-008 Laser module Components datasheet pdf data sheet FREE from Datasheet4U.com Datasheet (data sheet) search for integrated circuits (ic), semiconductors and other electronic components such as resistors, capacitors, transistors and diodes.},
 author = {Datasheet4u.com},
 year = {8/28/2021},
 title = {KY-008 Datasheet PDF - Datasheet4U.com},
 url = {https://datasheet4u.com/datasheet-pdf/ETC/KY-008/pdf.php?id=1415010},
}


@misc{DuyNguyen.,
 title = {Schaltungen der Temperatursensoren}
}


@misc{ElmarSchrufer.2007,
 author = {{Elmar Schr{\"u}fer}},
 year = {2007},
 title = {Elektrische Messtechnik},
 url = {https://www.hanser-elibrary.com/isbn/978-3-446-40904-0},
}


@article{EPCOSAG.2018,
 author = {{EPCOS AG}},
 year = {2018},
 title = {NTC thermistors, standardized R/T characteristics},
 url = {https://www.tdk-electronics.tdk.com/download/531128/71487ad65dd78f1844cf52efcee5836d/pdf-standardizedrt.pdf},
 file = {T characteristics:Attachments/T characteristics.pdf:application/pdf}
}


@book{Gail.2012,
 year = {2012},
 title = {Reinraumtechnik},
 url = {https://link.springer.com/content/pdf/10.1007%2F978-3-642-19435-1.pdf},
 price = {Pp. : EUR 169.95 (DE), sfr 228.00 (freier Pr.)},
 address = {Berlin and Heidelberg},
 edition = {3., aktualisierte und erw. Aufl.},
 publisher = {Springer},
 isbn = {3642194346},
 series = {VDI},
 editor = {Gail, Lothar},
 file = {978-3-642-19435-1:Attachments/978-3-642-19435-1.pdf:application/pdf}
}


@article{Gao.2015,
 abstract = {Fine particulate matter (PM2.5) is a growing public health concern especially in industrializing countries but existing monitoring networks are unable to properly characterize human exposures due to low resolution spatiotemporal data. Low-cost portable monitors can supplement existing networks in both developed and industrializing regions to increase density of sites and data. This study tests the performance of a low-cost sensor in high concentration urban environments. Seven Portable University of Washington Particle (PUWP) monitors were calibrated with optical and gravimetric PM2.5 reference monitors in Xi'an, China in December 2013. Pairwise correlations between the raw PUWP and the reference monitors were high (R(2) = 0.86-0.89). PUWP monitors were also simultaneously deployed at eight sites across Xi'an alongside gravimetric PM2.5 monitors (R(2) = 0.53). The PUWP monitors were able to identify the High-technology Zone site as a potential PM2.5 hotspot with sustained high concentrations compared to the city average throughout the day.},
 author = {Gao, Meiling and Cao, Junji and Seto, Edmund},
 year = {2015},
 title = {A distributed network of low-cost continuous reading sensors to measure spatiotemporal variations of PM2.5 in Xi'an, China},
 url = {https://www.sciencedirect.com/science/article/pii/S0269749115000160},
 pages = {56--65},
 volume = {199},
 journal = {Environmental pollution (Barking, Essex : 1987)},
 doi = {10.1016/j.envpol.2015.01.013}
}


@article{Heimann.,
 author = {Heimann, Bodo},
 title = {Mechatronik},
 url = {https://www.hanser-elibrary.com/doi/pdf/10.3139/9783446445338.003},
 file = {Mechatronik:Attachments/Mechatronik.pdf:application/pdf}
}


@misc{HobbyComponents.8282021,
 abstract = {This 100mW laser module emits a small intense focused beam of visible red light. The example provided below shows how the module can be used with an Arduino and photo resistor module (available{\&}nbsp;here) to perform basic remote signaling.},
 author = {{Hobby Components}},
 year = {8/28/2021},
 title = {KY-008 650nm 5V Laser Module},
 url = {https://hobbycomponents.com/sensors/742-ky-008-650nm-5v-laser-sensor-module},
}


@book{Holstius.2014,
 author = {Holstius, D. M. and Pillarisetti, A. and Smith, K. R. and Seto, E.},
 year = {2014},
 title = {Field calibrations of a low-cost aerosol sensor at a regulatory monitoring site in California},
 url = {https://amt.copernicus.org/preprints/7/605/2014/amtd-7-605-2014.pdf},
 doi = {10.5194/amtd-7-605-2014},
 file = {Field calibrations of a low-cost aerosol sensor:Attachments/Field calibrations of a low-cost aerosol sensor.pdf:application/pdf}
}


@misc{Inovafitness.2020,
 abstract = {Overview The SDS011 using principle of laser scatteringcan get the particle concentration between 0.3 to 10\textgreek{m}m in the air. It with digital output and built-in fan is stable and reliable. Character istics 1. Accurate and Reliable:laserdetec},
 author = {Inovafitness},
 year = {2020},
 title = {Laser PM2.5 Sensor--SDS011},
 url = {http://inovafitness.com/en/a/chanpinzhongxin/95.html},
}


@book{L.v.Kortvelyessy.1987,
 author = {{L. v. K{\"o}rtv{\'e}lyessy}},
 year = {1987},
 title = {Thermoelement Praxis},
 address = {Essen},
 publisher = {Vulkan-Verlag-Essen},
 isbn = {3-8027-2140-3}
}


@book{Levinshtein.1992,
 year = {1992},
 title = {Getting to Know Semiconductors},
 publisher = {{WORLD SCIENTIFIC}},
 isbn = {978-981-02-0760-1},
 editor = {Levinshtein, M. E. and Simin, G. S.},
 doi = {10.1142/1480}
}


@article{MicroMeasurements.2020,
 author = {{Micro Measurements}},
 year = {2020},
 title = {General Purpose Strain Gages - Single Linear},
 url = {https://docs.micro-measurements.com/?id=12134},
 file = {id=12134:Attachments/id=12134.pdf:application/pdf}
}


@article{Zacharias.2021,
 author = {Zacharias, Susan},
 year = {2021},
 title = {Thermocouple Type K ITS-90 Table},
 url = {https://iseinc.com/TechNotes/TypeKTableC.pdf},
 file = {TypeKTableC:Attachments/TypeKTableC.pdf:application/pdf}
}


