% This file was created with Citavi 6.8.0.0

@article{AnalogDevicesInc..2018,
 abstract = {Precision Thermocouple Amplifiers with Cold Junction Compensation},
 author = {{Analog Devices, Inc.}},
 year = {2018},
 title = {AD8494/AD8495/AD8496/AD8497 (Rev. C)},
 url = {https://www.analog.com/media/en/technical-documentation/data-sheets/AD8494_8495_8496_8497.pdf},
 file = {AD8497 (Rev:C\:\\Users\\Admin\\Documents\\Citavi 6\\Projects\\Feinstaub\\Citavi Attachments\\AD8497 (Rev.pdf:pdf}
}


@misc{Therma.2020,
 abstract = {PVC -- P/PTW-24F-K-IEC | 10 m g{\"u}nstig online kaufen im Shop f{\"u}r Andere, Andere, Ausgleichsleitungen, Leitungen, Thermoleitungen, Typ {\textquotedbl}K{\textquotedbl}, Typ {\textquotedbl}K{\textquotedbl} ✅ Pers{\"o}nliche Beratung ✅ Schnelle Lieferung},
 author = {Therma},
 year = {2020},
 title = {PVC -- P/PTW-24F-K-IEC | 10 m | Therma Online Shop},
 url = {https://www.thermagmbh.de/shop/produkt/leitungen/ausgleichsleitungen/al-typ-k/al-k-andere/pvc-p-ptw-24f-k-iec-10-m/}
}


@article{TexasInstruments.2020,
 abstract = {Data Sheet},
 author = {{Texas Instruments} and {Incorporated [SBOS464} and {A ]}},
 year = {2020},
 title = {INA333-Q1 Automotive, Zer{\o}-Drift, micro-Power, Instrumentation Amplifier datasheet (Rev. A)},
 url = {https://www.ti.com/lit/ds/symlink/ina333-q1.pdf?ts=1623486062182&ref_url=https%253A%252F%252Fwww.ti.com%252Fdocument-viewer%252FINA333-Q1%252Fdatasheet%252Fsetting-the-gain-sbos4451476},
 file = {INA333-Q1 Automotive, Zerø-Drift, micro-Power, Instrumentation Amplifier datasheet (Rev:C\:\\Users\\Admin\\Documents\\Citavi 6\\Projects\\Feinstaub\\Citavi Attachments\\INA333-Q1 Automotive, Zerø-Drift, micro-Power, Instrumentation Amplifier datasheet (Rev.pdf:pdf}
}


@article{TexasInstruments.2018,
 abstract = {Data Sheet},
 author = {{Texas Instruments} and {Incorporated [SBAS925} and {A ]}},
 year = {2018},
 title = {ADS1119 4-Channel, 1-kSPS, 16-Bit, Delta-Sigma ADC With I2C Interface datasheet (Rev. A)},
 url = {https://www.ti.com/lit/ds/symlink/ads1119.pdf},
 file = {ADS1119 4-Channel, 1-kSPS, 16-Bit, Delta-Sigma ADC With I2C Interface datasheet (Rev:C\:\\Users\\Admin\\Documents\\Citavi 6\\Projects\\Feinstaub\\Citavi Attachments\\ADS1119 4-Channel, 1-kSPS, 16-Bit, Delta-Sigma ADC With I2C Interface datasheet (Rev.pdf:pdf}
}


@article{TexasInstruments.2019,
 abstract = {Application Reports},
 author = {{Texas Instruments} and {Incorporated [SBAA355} and *]},
 year = {2019},
 title = {K-type thermocouple measurement circuit with precision ADC},
 url = {https://www.ti.com/lit/an/sbaa355/sbaa355.pdf?ts=1623449080968&ref_url=https%253A%252F%252Fwww.ti.com%252Fsitesearch%252Fdocs%252Funiversalsearch.tsp%253FlangPref%253Den-US%2526searchTerm%253Dthermocouple%2526nr%253D1990}
}


@article{TexasInstruments.2018b,
 abstract = {Application Reports},
 author = {{Texas Instruments} and {Incorporated [SBAA274} and *]},
 year = {2018},
 title = {A Basic Guide to Thermocouple Measurements},
 url = {https://www.ti.com/lit/an/sbaa274/sbaa274.pdf?ts=1623476175476&ref_url=https%253A%252F%252Fwww.ti.com%252Fproduct%252FADS1118%253Futm_source%253Dgoogle%2526utm_medium%253Dcpc%2526utm_campaign%253Dasc-null-null-GPN_EN-cpc-pf-google-eu%2526utm_content%253DADS1118%2526ds_k%253DADS1118%2BDatasheet%2526DCM%253Dyes%2526gclsrc%253Daw.ds%2526gclid%253DEAIaIQobChMIrtnyxq-R8QIVGuqyCh1asABzEAAYASAAEgKeEPD_BwE},
 file = {A Basic Guide to Thermocouple Measurements:C\:\\Users\\Admin\\Documents\\Citavi 6\\Projects\\Feinstaub\\Citavi Attachments\\A Basic Guide to Thermocouple Measurements.pdf:pdf}
}


@misc{TEConnectivity.2021,
 abstract = {Die Welt baut auf Verbindungen. Erfahren Sie, wie wir Innovationen branchen- und sparten{\"u}bergreifend nutzen, um an bislang undenkbaren Orten Verbindungen herzustellen.},
 author = {{TE Connectivity}},
 year = {2021},
 title = {Webinar: NTC-Thermistoren | TE Connectivity},
 url = {https://www.te.com/deu-de/videos/transportation/ntc-thermistor-webinar.html}
}


@misc{TEConnectivity.2021b,
 abstract = {Finden Sie die Antworten auf Ihre Fragen zu NTC-Temperatursensoren, wie sie verwendet werden und die Details bei ihrer Anwendung.},
 author = {{TE Connectivity}},
 year = {2021},
 title = {H{\"a}ufig gestellte Fragen (FAQ) zu NTC-Thermistoren},
 url = {https://www.te.com/deu-de/faqs/ntc-thermistor.html}
}


@misc{TEConnectivity.2021c,
 abstract = {Rufen Sie 701108-M Diskrete NTC Thermistoren Spezifikationen, Preise, Inventarverf{\"u}gbarkeit und mehr von TE Connectivity ab. Rufen Sie ein Muster ab oder fordern Sie ein Angebot an.},
 author = {{TE Connectivity}},
 year = {2021},
 title = {701108-M : MEAS Diskrete NTC Thermistoren | TE Connectivity},
 url = {https://www.te.com/deu-de/product-11032576-00.html}
}


@article{TEConnectivity.2016,
 author = {{TE Connectivity}},
 year = {2016},
 title = {Model 44008: Precision Epoxy NTC Thermistor},
 url = {https://www.te.com/commerce/DocumentDelivery/DDEController?Action=showdoc&DocId=Data+Sheet%7FTESS-ANDO-DS0013%7FA%7Fpdf%7FEnglish%7FENG_DS_TESS-ANDO-DS0013_A.pdf%7F11032576-00},
 file = {Model 729:C\:\\Users\\Admin\\Documents\\Citavi 6\\Projects\\Feinstaub\\Citavi Attachments\\Model 729.pdf:pdf}
}


@misc{Steffen.2012,
 abstract = {Ein PT100 Sensor ist ein Temperaturf{\"u}hler, mit dem man sehr einfach Temperaturen messen und verarbeiten kann},
 author = {Steffen},
 year = {2012},
 title = {Wie funktioniert eigentlich ein PT100-Sensor?},
 url = {https://www.spstiger.de/blog/wie-funktioniert-eigentlich-ein-pt100-sensor}
}


@article{Pustelnik.2019,
 author = {Pustelnik, Katja},
 year = {2019},
 title = {Heraeus{\_}M213},
 url = {https://atcsemitec.co.uk/wp-content/uploads/2019/10/Heraeus-M213-Data-Sheet.pdf},
 file = {Heraeus_M213:C\:\\Users\\Admin\\Documents\\Citavi 6\\Projects\\Feinstaub\\Citavi Attachments\\Heraeus_M213.pdf:pdf}
}


@article{Pustelnik.2019b,
 author = {Pustelnik, Katja},
 year = {2019},
 title = {Heraeus{\_}M213},
 url = {https://www.mouser.de/datasheet/2/619/m_213_e-1919955.pdf},
 file = {Heraeus_M213 (2):C\:\\Users\\Admin\\Documents\\Citavi 6\\Projects\\Feinstaub\\Citavi Attachments\\Heraeus_M213 (2).pdf:pdf}
}


@misc{NIST.2008,
 author = {NIST},
 year = {2008},
 title = {ITS-90 Thermocouple Database, Download Files},
 url = {https://srdata.nist.gov/its90/download/download.html}
}


@misc{MouserElectronics.2021,
 abstract = {ADS1119IPWR Texas Instruments Analog to Digital Converters - ADC 16-bit, 1kSPS, 4-ch general-purpose delta-sigma ADC with I2C interface and external Vref inputs 16-TSSOP -40 to 125 datasheet, inventory {\&} pricing.},
 author = {{Mouser Electronics}},
 year = {2021},
 title = {ADS1119IPWR Texas Instruments | Mouser},
 url = {https://www.mouser.de/ProductDetail/Texas-Instruments/ADS1119IPWR?qs=lc2O%252BfHJPVbF%2Fj%2FaQInPPg%3D%3D}
}


@misc{MouserElectronics.2021b,
 abstract = {44008RC Measurement Specialties NTC (Negative Temperature Coefficient) Thermistors datasheet, inventory {\&} pricing.},
 author = {{Mouser Electronics}},
 year = {2021},
 title = {44008RC Measurement Specialties | Mouser},
 url = {https://www.mouser.de/ProductDetail/Measurement-Specialties/44008RC?qs=%252BgKeJhng5iXaFNZok6m6kQ%3D%3D},
 urldate = {12/6/2021}
}


@misc{MouserElectronics.2021c,
 abstract = {32207690 Heraeus Nexensos Industrial Temperature Sensors M213 Pt 100 Class B clad Ni-wire datasheet, inventory {\&} pricing.},
 author = {{Mouser Electronics}},
 year = {2021},
 title = {32207690 Heraeus Nexensos | Mouser},
 file = {https://www.mouser.de/ProductDetail/Heraeus-Nexensos/32207690?qs=e8QHdpnGig8VIRIkkM%2FRLg==}
}


@article{MaximIntegratedProducts.2015,
 author = {{Maxim Integrated Products}, Inc},
 year = {2015},
 title = {MAX11164},
 url = {https://datasheets.maximintegrated.com/en/ds/MAX11164.pdf},
 file = {MAX11164:C\:\\Users\\Admin\\Documents\\Citavi 6\\Projects\\Feinstaub\\Citavi Attachments\\MAX11164.pdf:pdf}
}


@book{L.v.Kortvelyessy.1987,
 author = {{L. v. K{\"o}rtv{\'e}lyessy}},
 year = {1987},
 title = {Thermoelement Praxis},
 address = {Essen},
 publisher = {Vulkan-Verlag-Essen},
 isbn = {3-8027-2140-3}
}


@article{EPCOSAG.2018,
 author = {{EPCOS AG}},
 year = {2018},
 title = {NTC thermistors, standardized R/T characteristics},
 url = {https://www.tdk-electronics.tdk.com/download/531128/71487ad65dd78f1844cf52efcee5836d/pdf-standardizedrt.pdf},
 file = {T characteristics:C\:\\Users\\Admin\\Documents\\Citavi 6\\Projects\\Feinstaub\\Citavi Attachments\\T characteristics.pdf:pdf}
}

@misc{Frank.,
 author = {Frank, Carsten},
 title = {Vorlesung Messtechnik S21},
 year = 2021
}


@book{W.GopelJ.HesseJ.N.Zemel.1989,
 year = {1989},
 title = {Sensors, A Comprehensive Survey},
 editor = {{W. G{\"o}pel, J. Hesse, J. N. Zemel}}
}


@article{Zacharias.2021,
 author = {Zacharias, Susan},
 year = {2021},
 title = {Thermocouple Type K ITS-90 Table},
 url = {https://iseinc.com/TechNotes/TypeKTableC.pdf},
 file = {TypeKTableC:C\:\\Users\\Admin\\Documents\\Citavi 6\\Projects\\Feinstaub\\Citavi Attachments\\TypeKTableC.pdf:pdf}
}


